<?xml version="1.0" encoding="UTF-8"?><collection xmlns="http://www.loc.gov/MARC21/slim"><record><leader>00401nam--2200157-u-4500</leader><controlfield tag="001">000051075</controlfield><controlfield tag="002">20161230</controlfield><controlfield tag="005">20161230201049</controlfield><controlfield tag="008">080516s1000------------r-----000-0-eng-d</controlfield><datafield ind1=" " ind2=" " tag="040"><subfield code="a">IFIN-HH</subfield></datafield><datafield ind1=" " ind2=" " tag="080"><subfield code="a">512.54</subfield></datafield><datafield ind1="1" ind2=" " tag="100"><subfield code="a">Venkokva,B.B.(red.)</subfield></datafield><datafield ind1="1" ind2="0" tag="245"><subfield code="a">Tselochislennye Reshetki i Konechnye Lineinye Gruppy</subfield></datafield><datafield ind1=" " ind2=" " tag="260"><subfield code="a">Leninigrad</subfield><subfield code="b">Nauka</subfield><subfield code="c">1982</subfield></datafield><datafield ind1=" " ind2=" " tag="300"><subfield code="a">163 p</subfield></datafield><datafield ind1=" " ind2=" " tag="CAT"><subfield code="a">Sys</subfield><subfield code="c">20080516</subfield><subfield code="h">082017</subfield></datafield></record></collection>